<record><leader>00000cas a22000007a 4500</leader><controlfield tag="001">19752343</controlfield><controlfield tag="008">890523d19281940mouwr ne      0    0eng d</controlfield><datafield ind1=" " ind2=" " tag="010"><subfield code="a">sn 89066572 </subfield></datafield><datafield ind1=" " ind2=" " tag="040"><subfield code="a">MQN</subfield><subfield code="b">eng</subfield><subfield code="c">MQN</subfield><subfield code="d">OCLCQ</subfield></datafield><datafield ind1=" " ind2=" " tag="042"><subfield code="a">msc</subfield></datafield><datafield ind1="0" ind2="4" tag="245"><subfield code="a">The Canton press-news.</subfield></datafield><datafield ind1=" " ind2=" " tag="260"><subfield code="a">Canton, Lewis County, Mo. :</subfield><subfield code="b">Canton Press-News Co.,</subfield><subfield code="c">1928-1940.</subfield></datafield><datafield ind1=" " ind2=" " tag="300"><subfield code="a">v.</subfield></datafield><datafield ind1=" " ind2=" " tag="310"><subfield code="a">Weekly</subfield></datafield><datafield ind1="0" ind2=" " tag="362"><subfield code="a">67th year, no. 21 (Nov. 22, 1928)-79th year, no. 27 (Dec. 26, 1940).</subfield></datafield><datafield ind1=" " ind2=" " tag="515"><subfield code="a">Continues numbering of: Canton press (Canton, Mo. : 1865).</subfield></datafield><datafield ind1=" " ind2=" " tag="515"><subfield code="a">Issues for Nov. 28, 1928-Dec. 12, 1935 also include whole no. designation: Whole no. 3470-whole no. 3863.</subfield></datafield><datafield ind1=" " ind2="4" tag="651"><subfield code="a">Canton (Mo.)</subfield><subfield code="v">Newspapers.</subfield></datafield><datafield ind1=" " ind2=" " tag="752"><subfield code="a">United States</subfield><subfield code="b">Missouri</subfield><subfield code="c">Lewis</subfield><subfield code="d">Canton.</subfield></datafield><datafield ind1="0" ind2="4" tag="780"><subfield code="t">Canton press (Canton, Mo. : 1864)</subfield><subfield code="w">(DLC)sn 85033876</subfield></datafield><datafield ind1="0" ind2="4" tag="780"><subfield code="t">Canton news (Canton, Mo. : 1922)</subfield></datafield><datafield ind1="0" ind2="7" tag="785"><subfield code="t">Canton record</subfield><subfield code="w">(DLC)sn 92058853</subfield></datafield><datafield ind1="0" ind2="7" tag="785"><subfield code="t">Canton press-news and the Canton record</subfield><subfield code="w">(DLC)sn 89066573</subfield></datafield><datafield ind1="1" ind2=" " tag="029"><subfield code="a">AU@</subfield><subfield code="b">000020562193</subfield></datafield></record>